% $Id$
@book{bib:geempdf,
  author =   "Zong Woo Geem",
  title =    "Music-Inspired Optimization Algorithm: Harmony Search",
  note =     {},
  year =     {2004}
}

@book{bib:orginal,
  author =   "Kang Seok Lee and Zong Woo Geem and G.V. {Loganathan}",
  title =    "A New Heuristic Optimization Algorithm: Harmony Search",
  note =     {},
  year =     {2004}
},
@book{bib:tlumaczenie,
  author = 	 "Andrzej Kowal",
  title = 	 "Algorytm  Harmony Search",
  note = 	 {},
  year = 	 {},
}

@book{bib:mathparser,
  author =   "Mariusz Gromada",
  title =    "Dokumentacja biblioteki mXParser",
  year =     {dostÄ™p 27.05.2018},
  note =     {"\url{http://mathparser.org/}},
}

@book{bib:jzy3d,
	author =   {},
	title =    {Jzy3D},
	year =     {2016},
	note =     {"\url{http://www.jzy3d.org/}},
}

